% Masukkan daftar pustaka yang ingin dimasukkan ke sini
% Contoh referensi: references.example.lib

@book{munir2019,
  title     = {Kriptografi},
  author    = {Munir, Rinaldi},
  isbn      = {978-623-7131-05-2},
  series    = {Volume 2},
  year      = {2019},
  publisher = {Penerbit Informatika}
}
@book{schneier1996,
  title     = {Applied Cryptography},
  author    = {Bruce, Schneier},
  isbn      = {978-1-119-09672-6},
  series    = {2nd Edition},
  year      = {1996},
  publisher = {Jons Willey \& Sons, Inc}
}
@book{anderson2008,
  author         = {Anderson, Ross},
  publisher      = {Jons Willey \& Sons, Inc},
  title          = {Security Engineering},
  year           = {2008}
}